@InProceedings{Pock-et-al-iccv09,
  author    = {T. Pock and D. Cremers and H. Bischof and A. Chambolle},
  title     = {An Algorithm for Minimizing the Piecewise Smooth Mumford-Shah Functional},  
  booktitle = {"IEEE International Conference on Computer Vision (ICCV)"},
  year      = {2009},
  address   = {Kyoto, Japan},
  titleurl = "\url{http://vision.in.tum.de/_media/spezial/bib/pock_et_al_iccv09.pdf}",
  topic     = {Convex Relaxation Methods},
  keywords  = {convex-relaxation}
}

@incollection{Canny,
  author    = {John Canny},
  title     = {A Computational Approach to Edge Detection},
  year      = {1986},
  journal   = {"IEEE Transactions on Pattern Analysis and Machine Intelligence"},
  volume    = {PAMI-8, No. 6}
}

@incollection{Jitkomut,
  author    = {Jitkomut Songsiri},
  title     = {Projection onto an l1-norm Ball with Application to Identification of Sparse Autoregressive Models},
  year      = {2011},
  address   = {Department of Electrical Engineering, Faculty of Engineering, Chulalongkorn University, 254 Phayathai Rd., Pathumwan, Bangkok, 10330 Thailand},
  titleurl = "\url{http://jitkomut.lecturer.eng.chula.ac.th/pdf/projlp.pdf}",
  topic     = {lp-projections}
}

@ARTICLE{Cremers-Kolev-pami11,
  author = {D. Cremers and K. Kolev},
  title = {Multiview Stereo and Silhouette Consistency via Convex Functionals over Convex Domains},      
  journal = {"IEEE Transactions on Pattern Analysis and Machine Intelligence"},
  year = {2011},
  volume = {33},
  number = {6},
  pages = {1161--1174},
  titleurl = "\url{http://vision.in.tum.de/_media/spezial/bib/cremers_kolev_pami11.pdf}",
  topic = {3D Reconstruction},
  keywords = {3d-reconstruction, convex-relaxation, 3drec}
}

@incollection{Chambolle-et-al-10,
  author = {A. Chambolle and V. Caselles and D. Cremers and M. Novaga and T. Pock}, 
  title = {An Introduction to Total Variation for Image Analysis},
  booktitle = {"Theoretical Foundations and Numerical Methods for Sparse Recovery"},
  publisher = {De Gruyter},
  year = {2010},
  titleurl = "\url{http://vision.in.tum.de/_media/spezial/bib/chambolle_et_al_10.pdf}"
}

@Article{dykstra-et-al-aors14,
  author = {J. P. Boyle and R. Dykstra},
  title = {A method for finding projections onto the intersection of convex sets in Hilbert spaces},
  journal = {"Advances in order restricted statistical inference (Iowa City, Iowa, 1985)"},
  year = {1986},
  volume = {37},
  number = {1},
  pages = {28--47},
  publisher = {Springer, Berlin}
}

@Article{kelvey-ajp,
  author = {J. P. McKelvey},
  title = {Simple transcendental expressions for the roots of cubic equations},
  journal = {"Amer. J. Phys."},
  year = {1984},
  volume = {52},
  pages = {269--270}
}

@Article{Mumford-et-al-cpam,
  author = {D. Mumford and J. Shah},
  title = {Optimal approximations by piecewise smooth functions and associated variational problems},
  journal = {"Comm. Pure Appl. Math."},
  year = {1989},
  volume = {42},
  pages = {577--685}
}

@Article{Alberti-et-al-cvpde,
  author = {G. Alberti and G. Bouchitté and G. Dal Maso},
  title = {Thecali- bration method for the Mumford-Shah functional and free- discontinuity problems},
  journal = {"Calc. Var. Partial Differential Equations"},
  year = {2003},
  volume = {16(3)},
  pages = {299--333}
}

@Article{Alberti-et-al-lnss,
  author = {G. Alberti and G. Bouchitté and G. Dal Maso},
  title = {Recent convexity arguments in the calculus of variations},
  journal = {"Lecture notes from the 3rd Int. Summer School on the Calculus of Variations, Pisa."},
  year = {1998}
}

@article{Chambolle10afirst-order,
  year = {2011},
  issn = {0924-9907},
  journal = {"Journal of Mathematical Imaging and Vision"},
  volume = {40},
  number = {1},
  doi = {10.1007/s10851-010-0251-1},
  title = {A First-Order Primal-Dual Algorithm for Convex Problems with applications to Imaging},
  titleurl = "\url{http://dx.doi.org/10.1007/s10851-010-0251-1}",
  publisher = {Springer US},
  keywords = {Convex optimization; Dual approaches; Total variation; Inverse problems; Image; Reconstruction},
  author = {Chambolle Antonin and Pock Thomas},
  pages = {120-145},
  language = {English}
}

@Book{Rockafellar,
  author = {R. T. Rockafellar},
  title = {"Convex analysis"},
  year = {1997},
  address   = {Princeton, NJ},
  note = {Princeton Landmarks in Mathematics. Princeton University Press},
  volume = {Reprint of the 1970 original, Princeton Paperbacks}
}

@Book{Giusti,
  author = {Enrico Giusti},
  title = {"Minimal Surfaces and Functions of Bounded Variation"},
  year = {1984},
  note = {Monographs in mathematics},
  volume = {80},
  publisher = {Birkhäuser},
  address = {Bosten, Basel, Stuttgart}
}

@Book{Boyd,
  author = {Stephen Boyd and Lieven Vandenberghe},
  title = {"Convex Optimization"},
  year = {2009},
  volume = {7},
  publisher = {Cambridge University Press},
  address = {New York},
  note = "\url{http://stanford.edu/~boyd/cvxbook/}"
}

@Book{Zeidler,
  author = {Eberhard Zeidler},
  title = {"Nonlinear Functional Analysis and its Applications"},
  year = {1986},
  volume = {"I: Fixed-Point Theorems"},
  publisher = {Springer Verlag}
}

@Book{Bredies,
  author = {Kristian Bredies and Dirk Lorenz},
  title = {"Mathematische Bildverarbeitung, Einführung in Grundlagen und moderne Theorie"},
  year = {2011},
  volume = {1},
  publisher = {Vieweg + Teubner | Springer Fachmedien Wiesbaden GmbH}
}

@Book{Nocedal-Wright,
  author = {Jorge Nocedal and Stephen J. Wright},
  title = {"Numerical Optimization"},
  volume = {Seconde Edition},
  year = {2006},
  publisher = {Springer Science + BusinessMedia, LLC.}
}

@Article{ROF,
  author = {Leonid I. Rudin and Stanley Osher and Emad Fatemi},
  title = {Nonlinear total variation based noise removal algorithms},
  year = {1992},
  journal = {"Physica D"},
  volume = {60},
  pages = {259--268},
  publisher = {North-Holland}
}

@Article{Arrow-Hurwicz,
  author = {K. J. Arrow and L. Hurwicz and H. Uzawa},
  title = {Studies in linear and non-linear programming},
  year = {1958},
  note = {with contributions by H. B. Chenery, S. M. Johnson, S. Karlin, T. Marschak, R. M. Solow},
  journal = {"Stanford Mathematical Studies in the Social Sciences"},
  volume = {II},
  publisher = {Stanford University Press},
  address = {Stanford, California}
}

@Article{Appleton-Talbot,
  author = {B. Appleton and H. Talbot},
  title = {Globally optimal geodesic active contours},
  year = {2005},
  pages = {67-86},
  volume = {23(1)},
  journal = {"J. Math. Imaging Vision"}
}

@Article{Zhu-Chan,
  author = {Mingqiang Zhu and Tony Chan},
  title = {An efficient primal-dual hybrid gradient algorithm for total variation image restoration},
  year = {2008},
  journal = {"CAM Reports 08-34, UCLA, Center for Applied Math."}
}

@inproceedings{Strekalovskiy-Cremers-eccv14,
  author = {E. Strekalovskiy and D. Cremers},
  title = {Real-Time Minimization of the Piecewise Smooth Mumford-Shah Functional},
  booktitle = {"European Conference on Computer Vision (ECCV)"},
  year = {2014},
  pages = {127-141},
  keywords = {convex-relaxation},
  note = "\url{https://github.com/tum-vision/fastms}"
}

@Article{strekalovskiy-et-al-siims14,
  author = {E. Strekalovskiy and A. Chambolle and D. Cremers},
  title = {Convex Relaxation of Vectorial Problems with Coupled Regularization},
  journal = {"SIAM Journal on Imaging Sciences"},
  year = {2014},
  volume = {"7"},
  number = {"1"},
  pages = {"294--336"},
  topic = {Convex Relaxation Methods, Optic Flow},
  keywords = {convex-relaxation, optical-flow}
}

@inproceedings{Pock2011,
  author = {Pock Thomas and Chambolle Antonin},
  title = {Diagonal preconditioning for first order primal-dual algorithms in convex optimization},
  booktitle = {"International Conference on Computer Vision (ICCV 2011)"},
  note = {To Appear},
  year = {2011}
}

@misc{CUDA,
  author = {nVidia},
  title = {"CUDA Education \& Training"},
  howpublished = "\url{https://developer.nvidia.com/cuda-education-training}",
  urldate = {2016-02-23}
}

@misc{OpenCV,
  author = {ITSEEZ},
  title = {"OpenCV"},
  howpublished = "\url{http://opencv.org}",
  urldate = {2016-03-09}
}

@misc{Bauer,
  author = {Michael Bauer},
  title = {"iPAUR project in the Github repository of Michael Bauer"},
  howpublished = "\url{https://www.github.com/BauerMichael/iPAUR}",
  urldate = {2016-02-23},
  note = {"Computer program iPAUR"}
}

@misc{FastMS,
  author = {Evgeny Strekalovskiy},
  title = {"fastms Github Repository"},
  howpublished = "\url{https://github.com/tum-vision/fastms.git}",
  urldate = {2016-03-09}
}

@misc{CPlusPlus,
  author = {The C++ Resources Network},
  title = {"cplusplus.com"},
  howpublished = "\url{http://www.cplusplus.com}",
  urldate = {2016-03-09},
  year = {2016}
}

@misc{Keating,
  author = {Steven Keating},
  title = {"Health data of Steven Keating"},
  howpublished = "\url{http://stevenkeating.info/main.html}",
  urldate = {2016-03-10},
  note = {Found when clicking at the button health.}
}