@string{iccv="IEEE International Conference on Computer Vision (ICCV)"}
@InProceedings{Pock-et-al-iccv09,
  author    = {T. Pock and D. Cremers and H. Bischof and A. Chambolle},
  title     = {An Algorithm for Minimizing the Piecewise Smooth Mumford-Shah Functional},  
  booktitle = iccv,
  year      = {2009},
  address   = {Kyoto, Japan},
  titleurl  = "pock_et_al_iccv09.pdf",
  topic     = {Convex Relaxation Methods},
  keywords  = {convex-relaxation}
}

@string{pami="IEEE Transactions on Pattern Analysis and Machine Intelligence"}
@ARTICLE{Cremers-Kolev-pami11,
  author = {D. Cremers and K. Kolev},
  title = {Multiview Stereo and Silhouette Consistency via Convex Functionals over Convex Domains},      
  journal = pami,
  year = {2011},
  volume = {33},
  number = {6},
  pages = {1161--1174},
  titleurl = "cremers_kolev_pami11.pdf",
  topic = {3D Reconstruction},
  keywords = {3d-reconstruction, convex-relaxation, 3drec}
}

@incollection{Chambolle-et-al-10,
  author = {A. Chambolle and V. Caselles and D. Cremers and M. Novaga and T. Pock}, 
  title = {An Introduction to Total Variation for Image Analysis},
  booktitle = {Theoretical Foundations and Numerical Methods for Sparse Recovery},
  publisher = {De Gruyter},
  year = {2010},
  titleurl = {Chambolle_et_al_10.pdf}
}

@string{siims="SIAM Journal on Imaging Sciences"}
@Article{strekalovskiy-et-al-siims14,
  author = {E. Strekalovskiy and A. Chambolle and D. Cremers},
  title = {Convex Relaxation of Vectorial Problems with Coupled Regularization},
  journal = siims,
  year = {2014},
  volume = "7",
  number = "1",
  pages = "294--336",
  topic = {Convex Relaxation Methods, Optic Flow},
  keywords = {convex-relaxation, optical-flow},
}

@string{aors="Advances in order restricted statistical inference (Iowa City, Iowa, 1985)"}
@Article{dykstra-et-al-aors14,
  author = {J. P. Boyle and R. Dykstra},
  title = {A method for finding projections onto the intersection of convex sets in Hilbert spaces},
  journal = aors,
  year = {1986},
  volume = "37",
  number = "1",
  pages = "28--47",
  publisher = "Springer, Berlin",
}

@string{ajp="Amer. J. Phys."}
@Article{kelvey-ajp,
  author = {J. P. McKelvey},
  title = {Simple transcendental expressions for the roots of cubic equations},
  journal = ajp,
  year = {1984},
  volume = "52",
  pages = "269--270",
}

@string{cpam="Comm. Pure Appl. Math."}
@Article{Mumford-et-al-cpam,
  author = {D. Mumford and J. Shah},
  title = {Optimal approximations by piece- wise smooth functions and associated variational problems},
  journal = cpam,
  year = {1989},
  volume = "42",
  pages = "577--685",
}

@string{cvpde="Calc. Var. Partial Differential Equations"}
@Article{Alberti-et-al-cvpde,
  author = {G. Alberti, G. Bouchitté, and G. Dal Maso},
  title = {Thecali- bration method for the Mumford-Shah functional and free- discontinuity problems},
  journal = cvpde,
  year = {2003},
  volume = "16(3)",
  pages = "299--333",
}

@string{sscv="(lecture notes from the 3rd Int. Summer School on the Calculus of Variations, Pisa)"}
@Article{kelvey-sscv,
  author = {G. Alberti, G. Bouchitté, and G. Dal Maso},
  title = {Recent convexity arguments in the calculus of variations},
  journal = sscv,
  year = {1998},
}

@Article{Chambolle10afirst-order,
    author = {Antonin Chambolle and Thomas Pock},
    title = {A first-order primal-dual algorithm for convex problems with applications to imaging},
    year = {2010},
    journal = {<hal-00490826>}
}

@Book{Rockafellar,
    author = {R. T. Rockafellar},
    title = {Convex analysis},
    year = {1997},
    address   = {Princeton, NJ},
    note = {Princeton Landmarks in Mathematics. Princeton University Press},
    volume = {Reprint of the 1970 original, Princeton Paperbacks}
}

@Book{Giusti,
    author = {Enrico Giusti},
    title = {Minimal Surfaces and Functions of Bounded Variation},
    year = {1984},
    note = {Monographs in mathematics},
    volume = {80},
    publisher = {Birkhäuser},
    address = {Bosten, Basel, Stuttgart}
}

@Book{Boyd,
    author = {Stephen Boyd and Lieven Vandenberghe},
    title = {Convex Optimization},
    year = {2009},
    volume = {7},
    publisher = {Cambridge University Press},
    address = {New York},
    note = {http://stanford.edu/~boyd/cvxbook/},
}

@Article{ROF,
    author = {Leonid I. Rudin, Stanley Osher and Emad Fatemi},
    title = {Nonlinear total variation based noise removal algorithms},
    year = {1992},
    journal = {Physica D},
    volume = {60},
    pages = "259--268",
    publisher = {North-Holland}
}

@string{eccv="European Conference on Computer Vision (ECCV)"}
@inproceedings{Strekalovskiy-Cremers-eccv14,
 author = {E. Strekalovskiy and D. Cremers},
 title = {Real-Time Minimization of the Piecewise Smooth Mumford-Shah Functional},
 booktitle = eccv,
 year = {2014},
 pages = {127-141},
 keywords = {convex-relaxation},
 note = {{<a href="https://github.com/tum-vision/fastms">Code available</a>}},
}