@string{iccv="IEEE International Conference on Computer Vision (ICCV)"}
@InProceedings{Pock-et-al-iccv09,
  author    = {T. Pock and D. Cremers and H. Bischof and A. Chambolle},
  title     = {An Algorithm for Minimizing the Piecewise Smooth Mumford-Shah Functional},  
  booktitle = iccv,
  year      = {2009},
  address   = {Kyoto, Japan},
  titleurl  = "pock_et_al_iccv09.pdf",
  topic     = {Convex Relaxation Methods},
  keywords  = {convex-relaxation}
}

@string{pami="IEEE Transactions on Pattern Analysis and Machine Intelligence"}
@ARTICLE{Cremers-Kolev-pami11,
  author = {D. Cremers and K. Kolev},
  title = {Multiview Stereo and Silhouette Consistency via Convex Functionals over Convex Domains},      
  journal = pami,
  year = {2011},
  volume = {33},
  number = {6},
  pages = {1161--1174},
  titleurl = "cremers_kolev_pami11.pdf",
  topic = {3D Reconstruction},
  keywords = {3d-reconstruction, convex-relaxation, 3drec}
}

@string{cvpr="IEEE Conference on Computer Vision and Pattern Recognition (CVPR)"}
@inProceedings{Strekalovskiy-et-al-cvpr12,
  author    = {E. Strekalovskiy and A. Chambolle and D. Cremers},
  title     = {A Convex Representation for the Vectorial Mumford-Shah Functional},
  booktitle = cvpr,
  year      = {2012},
  address   = {Providence, Rhode Island},
  month     = jun,
  titleurl  = {strekalovskiy_chambolle_cremers_cvpr12.pdf},
  topic     = {Convex Relaxation Methods},
  keywords  = {convex-relaxation}
}

@string{eccv="European Conference on Computer Vision (ECCV)"}
@inproceedings{Strekalovskiy-Cremers-eccv14,
 author = {E. Strekalovskiy and D. Cremers},
 title = {Real-Time Minimization of the Piecewise Smooth Mumford-Shah Functional},
 booktitle = eccv,
 year = {2014},
 pages = {127-141},
 keywords = {convex-relaxation},
 note = {{<a href="https://github.com/tum-vision/fastms">Code available</a>}},
}